% Paul G. Savage - Improved Strapdown IMU Calibration Procedures
@INPROCEEDINGS{Improved IMU Calibration Procedures,
	author={Savage, Paul G.},
	booktitle={2018 IEEE/ION Position, Location and Navigation Symposium (PLANS)}, 
	title={Improved strapdown inertial measurement unit calibration procedures}, 
	year={2018},
	volume={},
	number={},
	pages={522-533},
	keywords={Accelerometers;Rotation measurement;Measurement uncertainty;Fixtures;Earth;Calibration;Velocity measurement},
	doi={10.1109/PLANS.2018.8373422}}
	
% ION JNC Conference	
@conference{Generalized Framework,
	author       = {Olson, David Lawrence and Bingham, Jason and Walker, Michael Ray},
	title        = {A Generalized IMU Modeling Framework for Varying Inertial Sensing Technologies and Performance Grades},
	annote       = {},
	doi          = {10.2172/2430978},
	url          = {https://www.osti.gov/biblio/2430978},
	place        = {United States},
	organization = {Sandia National Lab. (SNL-NM), Albuquerque, NM (United States)},
	year         = {2023},
	month        = {06}}

% RTSim Simulation
@misc{RTSim,
	author       = {Jason K. Bingham},
	title        = {Rotational Testbed Simulator}, 
	year         = {2024}, 
	publisher    = {GitHub}, 
	journal      = {GitHub Repository}, 
	howpublished = {\url{https://github.com/sandialabs/RTSim}}}